

@online{DrawIo,
    title = {DrawIO, tool used for equence diagrams, use case diagram and class diagram},
    note = {\textsc{url}: \url{https://www.drawio.com/}}
}
@online{PlantUML,
    title = {PlantUML, tool used for state charts},
    note = {\textsc{url}: \url{https://www.plantuml.com/}}
}
@online{Mock,
    title = {Moqups, tool used for web application's mockups},
    note = {\textsc{url}: \url{https://moqups.com/}}
}
@online{Alloy,
    title = {Alloy specification and documentation, and alloy tools used to write alloy model},
    note = {\textsc{url}: \url{https://alloytools.org/}}
}
@misc{Specification,
    title = {Specification document: "Assignment RDD AY 2023-2024.pdf"}
}
@online{Latex,
    title = {LaTeX, used to redact the document},
    note = {Documentation:
   \url{https://www.latex-project.org/help/documentation/}}
}
@online{Overleaf,
    title = {Overleaf, LaTeX online editor},
    note = {{\textsc{url}:
   \url{https://www.overleaf.com/}}
    }
}
@online{Inspiration,
    note = {Inspirational sites similar to our web application:
    \begin{itemize}
           \item \url{https://codecombat.com/}
           \item \url{https://www.codingame.com/}
           \item \url{https://codebattle.hexlet.io/}
           \item \url{https://www.codebattle.in/}
   \end{itemize}
   }
}